<?xml version="1.0" encoding="UTF-8"?><collection xmlns="http://www.loc.gov/MARC21/slim"><record><leader>00512nam--2200145-i-4500</leader><controlfield tag="001">000019895</controlfield><controlfield tag="002">20161230</controlfield><controlfield tag="005">20161230201033</controlfield><controlfield tag="008">060222s1000------------r-----000-0-eng-d</controlfield><datafield ind1=" " ind2=" " tag="080"><subfield code="a">577.352.5(061.3)</subfield></datafield><datafield ind1=" " ind2=" " tag="245"><subfield code="a">Electrical phenomena at the biological membrane level.proceedings of the 29th international meeting of the societe de chimie physique.orsay, 12-15 oct.1976</subfield></datafield><datafield ind1=" " ind2=" " tag="260"><subfield code="a">Amsterdam, Elsevier Scientific Publishing Company, 1977. Xv + 565 P</subfield></datafield><datafield ind1=" " ind2=" " tag="490"><subfield code="a">Proceedings</subfield></datafield><datafield ind1=" " ind2=" " tag="700"><subfield code="a">Roux, E</subfield></datafield><datafield ind1=" " ind2=" " tag="852"><subfield code="a">48923</subfield></datafield></record></collection>